@misc{ wiki:Scrum,
	author = {Wikipedia},
	title = {\emph{Scrum (desarrollo de software)}},
	year = {2024},
	howpublished = {\url{https://es.wikipedia.org/wiki/Scrum_(desarrollo_de_software)}},
	note = {Online; Accedido el 20-Abr-2024}
}