@book{ book:Inversor_inteligente,
	title = {El inversor inteligente},
    isbn = {9788423413027},
    abstract = {Seminal work in the field of value investing, offering timeless principles for successful investing in the stock market. First published in 1949, the book has remained relevant through numerous market cycles and economic changes.

At its core, Graham's philosophy emphasizes the importance of investing with a margin of safety, wherein investors purchase stocks trading at prices below their intrinsic value to mitigate risk. He distinguishes between two types of investors: the "defensive investor," who seeks to preserve capital and achieve steady returns through a diversified portfolio of low-cost, high-quality stocks, and the "enterprising investor," who is willing to devote more time and effort to selecting individual stocks for potentially higher returns},
    language = {Spanish},
    publisher = {Deusto, Grupo Planeta},
    author = {Graham, Benjamin},
    edition = {10th},
    month = sept,
    year = {2007},
    originalyear = {1949}
}

@online{ online:MarketScreener,
	author = {MarketScreener},
	title = {\emph{Financial information for investors and traders}},
	year = {2024},
	howpublished = {\url{https://www.marketscreener.com/}},
	note = {Online; Accedido el 10-Abr-2024}
}

@online{ online:Investing,
	author = {Investing},
	title = {\emph{Website that provides real-time data, news, analysis and tools for global financial markets}},
	year = {2024},
	howpublished = {\url{https://www.investing.com/}},
	note = {Online; Accedido el 10-Abr-2024}
}

@online{ online:Bloomberg,
	author = {Bloomberg},
	title = {\emph{Global media company that covers business, finance, markets, politics and more}},
	year = {2024},
	howpublished = {\url{https://www.bloomberg.com/}},
	note = {Online; Accedido el 10-Abr-2024}
}

@misc{ report:cnmv_informe,
  	author = {Comisión Nacional del Mercado de Valores},
  	title = {\emph{Plan de Educación Financiera 2022-2025}},
  	year = {2022},
  	howpublished = {\url{https://www.cnmv.es/docportal/publicaciones/planeducacion/planeducacionfinanciera_22_25es.pdf}},
  	note = {Online; Accedido el 06-Nov-2023},
}

@online{ online:cnmv_portal,
  	author = {Comisión Nacional del Mercado de Valores},
  	title = {\emph{Página oficial de la Comisión Nacional del Mercado de Valores}},
  	year = {2023},
  	howpublished = {\url{https://www.cnmv.es/portal/home.aspx}},
  	note = {Online; Accedido el 06-Nov-2023},
}

@online{ online:bde,
  	author = {Banco de España},
  	title = {\emph{Página oficial del Banco de España}},
  	year = {2023},
  	howpublished = {\url{https://www.bde.es/wbe/es/}},
  	note = {Online; Accedido el 06-Nov-2023},
}

@misc{ wiki:ARIMA,
	author = {Wikipedia},
	title = {\emph{Modelo autorregresivo integrado de media móvil}},
	year = {2024},
	howpublished = {\url{https://es.wikipedia.org/wiki/Modelo_autorregresivo_integrado_de_media_m%C3%B3vil}},
	note = {Online; Accedido el 10-Abr-2024}
}

@article{ 10.1162/neco.1997.9.8.1735,
	author = {Hochreiter, Sepp and Schmidhuber, J\"{u}rgen},
	title = {Long Short-Term Memory},
	year = {1997},
	issue_date = {November 15, 1997},
	publisher = {MIT Press},
	address = {Cambridge, MA, USA},
	volume = {9},
	number = {8},
	issn = {0899-7667},
	url = {https://doi.org/10.1162/neco.1997.9.8.1735},
	doi = {10.1162/neco.1997.9.8.1735},
	abstract = {Learning to store information over extended time intervals by recurrent backpropagation takes a very long time, mostly because of insufficient, decaying error backflow. We briefly review Hochreiter's (1991) analysis of this problem, then address it by introducing a novel, efficient, gradient based method called long short-term memory (LSTM). Truncating the gradient where this does not do harm, LSTM can learn to bridge minimal time lags in excess of 1000 discrete-time steps by enforcing constant error flow through constant error carousels within special units. Multiplicative gate units learn to open and close access to the constant error flow. LSTM is local in space and time; its computational complexity per time step and weight is O. 1. Our experiments with artificial data involve local, distributed, real-valued, and noisy pattern representations. In comparisons with real-time recurrent learning, back propagation through time, recurrent cascade correlation, Elman nets, and neural sequence chunking, LSTM leads to many more successful runs, and learns much faster. LSTM also solves complex, artificial long-time-lag tasks that have never been solved by previous recurrent network algorithms.},
journal = {Neural Comput.},
	month = {nov},
	pages = {1735–1780},
	numpages = {46}
}

@online{ online:FAT_web,
  	author = {Rodrigo Merino Tovar},
  	title = {\emph{Herramienta web Financial Analysis Tool}},
  	year = {2024},
  	howpublished = {\url{http://takeiteasy.pythonanywhere.com/}},
  	note = {Online; Accedido el 10-Abr-2024},
}

@online{ online:FAT_repo,
  	author = {Rodrigo Merino Tovar},
  	title = {\emph{Repositorio de GitHub del Trabajo de Fin de Grado Financial Analysis Tool}},
  	year = {2024},
  	howpublished = {\url{https://github.com/rmt0009alu/FAT}},
  	note = {Online; Accedido el 10-Abr-2024},
}

@misc{ wiki:Scrum,
	author = {Wikipedia},
	title = {\emph{Scrum (desarrollo de software)}},
	year = {2024},
	howpublished = {\url{https://es.wikipedia.org/wiki/Scrum_(desarrollo_de_software)}},
	note = {Online; Accedido el 20-Abr-2024}
}

@misc{ wiki:TDD,
	author = {Wikipedia},
	title = {\emph{Desarrollo guiado por pruebas}},
	year = {2024},
	howpublished = {\url{https://es.wikipedia.org/wiki/Desarrollo_guiado_por_pruebas}},
	note = {Online; Accedido el 20-Abr-2024}
}

@misc{ wiki:BDD,
	author = {Wikipedia},
	title = {\emph{Behavior-driven development}},
	year = {2024},
	howpublished = {\url{https://en.wikipedia.org/wiki/Behavior-driven_development}},
	note = {Online; Accedido el 20-Abr-2024}
}

@misc{ wiki:Kanban,
	author = {Wikipedia},
	title = {\emph{Kanban (desarrollo)}},
	year = {2024},
	howpublished = {\url{https://es.wikipedia.org/wiki/Kanban_(desarrollo)}},
	note = {Online; Accedido el 20-Abr-2024}
}

@online{ online:django_MVT_1,
  	author = {Vinayak Nishant},
  	title = {\emph{Django MVT Architecture: A Fresh Take on Classic MVC}},
  	year = {2020},
  	howpublished = {\url{https://www.askpython.com/django/django-mvt-architecture}},
  	note = {Online; Accedido el 20-Abr-2024},
}

@online{ online:django_MVT_2,
  	author = {Django},
  	title = {\emph{Django documentation}},
  	year = {2023},
  	howpublished = {\url{https://docs.djangoproject.com/en/5.0/faq/general/}},
  	note = {Online; Accedido el 20-Abr-2024},
}

@misc{ wiki:modelo_MVC,
	author = {Wikipedia},
	title = {\emph{Modelo–vista–controlador}},
	year = {2024},
	howpublished = {\url{https://es.wikipedia.org/wiki/Modelo%E2%80%93vista%E2%80%93controlador}},
	note = {Online; Accedido el 20-Abr-2024}
}

@online{ online:git,
  	author = {Git},
  	title = {\emph{Git}},
  	year = {2024},
  	howpublished = {\url{https://git-scm.com/}},
  	note = {Online; Accedido el 20-Abr-2024},
}

@online{ online:apache_subversion,
  	author = {Apache},
  	title = {\emph{Apache Subversion}},
  	year = {2024},
  	howpublished = {\url{https://subversion.apache.org/}},
  	note = {Online; Accedido el 20-Abr-2024},
}

@online{ online:mercurial,
  	author = {Mercurial community},
  	title = {\emph{Mercurial}},
  	year = {2024},
  	howpublished = {\url{https://www.mercurial-scm.org/}},
  	note = {Online; Accedido el 20-Abr-2024},
}

@online{ online:github,
  	author = {GitHub},
  	title = {\emph{GitHub}},
  	year = {2024},
  	howpublished = {\url{https://github.com/}},
  	note = {Online; Accedido el 20-Abr-2024},
}

@online{ online:gitlab,
  	author = {GitLab},
  	title = {\emph{GitLab}},
  	year = {2024},
  	howpublished = {\url{https://about.gitlab.com/}},
  	note = {Online; Accedido el 20-Abr-2024},
}

@online{ online:gitea,
  	author = {Gitea},
  	title = {\emph{Gitea}},
  	year = {2024},
  	howpublished = {\url{https://about.gitea.com/}},
  	note = {Online; Accedido el 20-Abr-2024},
}

@online{ online:integrar_teams_github,
  	author = {microsoft-teams},
  	title = {\emph{Integrar GitHub con MS Teams}},
  	year = {2023},
  	howpublished = {\url{https://github.com/integrations/microsoft-teams}},
  	note = {Online; Accedido el 20-Abr-2024},
}

@online{ online:ms_teams,
  	author = {Microsoft},
  	title = {\emph{MS Teams}},
  	year = {2024},
  	howpublished = {\url{https://www.microsoft.com/es-es/microsoft-teams/group-chat-software}},
  	note = {Online; Accedido el 20-Abr-2024},
}